%Motivation
@article{BW92,
author = {Bennett, C.~H. and Wiesner, S.~J.},
volume = {69},
journal = {Phys. Rev. Lett.},
month = {Nov},
title = {Communication via one- and two-particle operators on Einstein-Podolsky-Rosen states},
year = {1992},
doi = {10.1103/PhysRevLett.69.2881},
issue = {20},
publisher = {American Physical Society},
pages = {2881--2884}
}

@article{BB84,
author={Bennet, C.~H. and Brassard,~G.},
year={1984},
publisher={IEEE},
title={Quantum Cryptography:Public key distribution and coin tossing},
pages={175-179},
journal={Proceedings of IEEE International Conference on Computers, Systems and Signal Processing},
}

@article{S99,
author={Shor,P.~W.},
volume={41},
journal={SIAM Review},
title={Polynomial-time algorithms for prime factorization and discreet logarithms on a quantum computer},
year={1999},
number={2},
publisher={SIAM},
pages={303-332},
doi={10.1137/S0036144598347011}
}

@inproceedings{G96,
author = {Grover, L.~K.},
title = {A fast quantum mechanical algorithm for database search},
booktitle = {Proceedings of the twenty-eighth annual ACM symposium on Theory of computing},
series = {STOC '96},
year = {1996},
isbn = {0-89791-785-5},
location = {Philadelphia, Pennsylvania, United States},
pages = {212--219},
numpages = {8},
doi = {http://doi.acm.org/10.1145/237814.237866},
acmid = {237866},
publisher = {ACM},
address = {New York, NY, USA},
} 
% Super-Selection
@article{WWW52,
 volume = {88},
 journal = {Phys. Rev.},
 month = {Oct},
 title = {The Intrinsic Parity of Elementary Particles},
 author = {Wick, G.~C. and Wightman, A.~S. and Wigner, E.~P.},
 year = {1952},
 doi = {10.1103/PhysRev.88.101},
 issue = {1},
 publisher = {American Physical Society},
 pages = {101--105}
}

@book{vN55,
title={Mathematical Foundations of Quantum Mechanics},
author={von Neumann, J.},
publisher={Princeton University Press},
year={1955}
}

@article{AS67,
volume = {155},
journal = {Phys. Rev.},
month = {Mar},
title = {Charge Superselection Rule},
author = {Aharonov, Y. and Susskind, L.},
year = {1967},
doi = {10.1103/PhysRev.155.1428},
issue = {5},
publisher = {American Physical Society},
pages = {1428--1431}
}

@article{WWW70,
journal = {Phys. Rev. D},
month = {Jun},
doi = {10.1103/PhysRevD.1.3267},
issue = {12},
author = {Wick, G.~C. and Wightman, A.~S. and Wigner, E.~P.},
title = {Superselection Rule for Charge},
year = {1970},
publisher = {American Physical Society},
pages = {3267--3269},
volume = {1}
}

@article{M69,
volume = {186},
journal = {Phys. Rev.},
month = {Oct},
title = {Coherent Superposition of Charge States},
author = {Mirman, R.},
year = {1969},
doi = {10.1103/PhysRev.186.1380},
issue = {5},
publisher = {American Physical Society},
pages = {1380--1383}
 }

@article {M79,
author = {Mirman, R.},
title = {Nonexistence of superselection rules: Definition of term frame of reference},
journal = {Foundations of Physics},
publisher = {Springer Netherlands},
issn = {0015-9018},
pages = {283-299},
volume = {9},
issue = {3},
note = {10.1007/BF00715184},
year = {1979}  
}

@article{KW74,
journal = {Phys. Rev. Lett.},
month = {Oct},
doi = {10.1103/PhysRevLett.33.918},
issue = {15},
author = {Kershaw, D. and Woo, C.~H.},
title = {Experimental Test for the Charge Superselection Rule},
year = {1974},
publisher = {American Physical Society},
pages = {918--921},
volume = {33}
}

@article{CD97,
journal = {Phys. Rev. A},
month = {Jun},
doi = {10.1103/PhysRevA.55.4330},
issue = {6},
author = {Castin, Y. and Dalibard, J.},
title = {Relative phase of two Bose-Einstein condensates},
year = {1997},
publisher = {American Physical Society},
pages = {4330--4337},
volume = {55}
}
@article{HY96,
journal = {Phys. Rev. A},
month = {Jun},
doi = {10.1103/PhysRevA.53.4254},
issue = {6},
author = {Hoston, W. and You, L.},
title = {Interference of two condensates},
year = {1996},
publisher = {American Physical Society},
pages = {4254--4256},
volume = {53}
}
@article{JY96,
journal = {Phys. Rev. Lett.},
month = {Jan},
doi = {10.1103/PhysRevLett.76.161},
issue = {2},
author = {Javanainen, J. and Yoo, S.~M.},
title = {Quantum Phase of a Bose-Einstein Condensate with an Arbitrary Number of Atoms},
year = {1996},
publisher = {American Physical Society},
pages = {161--164},
volume = {76}
}

@article{YRJ97,
author = {Yoo, S.~ M. and Ruostekoski, J. and Javanainen, J.},
title = {Interference of two Bose–Einstein condensates},
journal = {Journal of Modern Optics},
volume = {44},
number = {10},
pages = {1763-1774},
year = {1997},
doi = {10.1080/09500349708231845},
}

@article{DBRS06,
journal = {Phys. Rev. A},
numpages = {16},
month = {Nov},
doi = {10.1103/PhysRevA.74.052113},
issue = {5},
author = {Dowling, M.~R. and Bartlett, S.~D. and Rudolph, T. and Spekkens, R.~W.},
title = {Observing a coherent superposition of an atom and a molecule},
year = {2006},
publisher = {American Physical Society},
pages = {052113},
volume = {74}
}


@article {DRP11,
author = {Dunningham, J. and Rico Gutiérrez, L. and Palge, V.},
title = {Observing superpositions of different number states},
journal = {Optics and Spectroscopy},
publisher = {MAIK Nauka/Interperiodica distributed exclusively by Springer Science+Business Media LLC.},
issn = {0030-400X},
pages = {528-534},
volume = {111},
issue = {4},
year = {2011}
}

@article{G63,
volume = {131},
journal = {Phys. Rev.},
month = {Sep},
author = {Glauber, R.~J.},
title = {Coherent and Incoherent States of the Radiation Field},
year = {1963},
doi = {10.1103/PhysRev.131.2766},
issue = {6},
publisher = {American Physical Society},
pages = {2766--2788}
}

@article{M97,
volume = {55},
journal = {Phys. Rev. A},
month = {Apr},
author = {M\o{}lmer, K.},
title = {Optical coherence: A convenient fiction},
year = {1997},
doi = {10.1103/PhysRevA.55.3195},
issue = {4},
publisher = {American Physical Society},
pages = {3195--3203}
}

@article{SBRK03,
volume = {68},
journal = {Phys. Rev. A},
month = {Oct},
numpages = {9},
author = {Sanders, B.~C. and Bartlett, S.~D. and Rudolph, T. and Knight, P.~L.},
title = {Photon-number superselection and the entangled coherent-state representation},
year = {2003},
doi = {10.1103/PhysRevA.68.042329},
issue = {4},
publisher = {American Physical Society},
pages = {042329}
}

@Book{NC00,
title= {Quantum {C}omputation and {Q}uantum {I}nformation},
author= {Nielsen, M.~A. and Chuang, I.~L.},
publisher= {Cambringe University Press, New York},
year= {2000}
}

@article{BRS06,
author={Bartlett, S.~D. and Rudolph, T. and Spekkens, R.~W.},
title={Dialogue concerning two views on quantum coherence: factist and fictionist},
journal={International Journal of Quantum Information},
volume={4},
issue={1},
pages={17-43},
year={2006},
publisher={World Scientific Publishing}
}

@article{BBCJPW93,
 author = {Bennett, C.~H. and Brassard, G. and Cr\'epeau, C. and Jozsa, R. and Peres, A. and Wootters, W.~K.},
  volume = {70},
  journal = {Phys. Rev. Lett.},
  month = {Mar},
  title = {Teleporting an unknown quantum state via dual classical and Einstein-Podolsky-Rosen channels},
  year = {1993},
  doi = {10.1103/PhysRevLett.70.1895},
  issue = {13},
  publisher = {American Physical Society},
  pages = {1895--1899}
}
@article{CHSH69,
  author = {Clauser, J.~F. and Horne, M.~A. and Shimony, A. and Holt, R.~A.},
  volume = {23},
  journal = {Phys. Rev. Lett.},
  month = {Oct},
  title = {Proposed Experiment to Test Local Hidden-Variable Theories},
  year = {1969},
  doi = {10.1103/PhysRevLett.23.880},
  issue = {15},
  publisher = {American Physical Society},
  pages = {880--884}
}

@article{TWC91,
author = {Tan, S.~M. and Walls, D.~F. and Collett, M.~J.},
volume = {66},
journal = {Phys. Rev. Lett.},
month = {Jan},
title = {Nonlocality of a single photon},
year = {1991},
doi = {10.1103/PhysRevLett.66.252},
issue = {3},
publisher = {American Physical Society},
pages = {252--255}
}

@article{H94,
author = {Hardy, L.},
volume = {73},
journal = {Phys. Rev. Lett.},
month = {Oct},
title = {Nonlocality of a Single Photon Revisited},
year = {1994},
doi = {10.1103/PhysRevLett.73.2279},
issue = {17},
publisher = {American Physical Society},
pages = {2279--2283}
}

@article{H95,
author = {Hardy, L.},
volume = {75},
journal = {Phys. Rev. Lett.},
month = {Sep},
title = {Hardy Replies:},
year = {1995},
doi = {10.1103/PhysRevLett.75.2065},
issue = {10},
publisher = {American Physical Society},
pages = {2065--2066}
}

@article{V95,
  author = {Vaidman, L.},
  volume = {75},
  journal = {Phys. Rev. Lett.},
  month = {Sep},
  title = {Nonlocality of a Single Photon Revisited Again},
  year = {1995},
  doi = {10.1103/PhysRevLett.75.2063},
  issue = {10},
  publisher = {American Physical Society},
  pages = {2063--2063}
}

@article{GHZ95,
  author = {Greenberger, D. M. and Horne, M. A. and Zeilinger, A.},
  volume = {75},
  journal = {Phys. Rev. Lett.},
  month = {Sep},
  title = {Nonlocality of a Single Photon?},
  year = {1995},
  doi = {10.1103/PhysRevLett.75.2064},
  issue = {10},
  publisher = {American Physical Society},
  pages = {2064--2064}
}

@article{vE05a,
  author = {van Enk, S.~J.},
  volume = {72},
  journal = {Phys. Rev. A},
  month = {Dec},
  numpages = {3},
  title = {Single-particle entanglement},
  year = {2005},
  doi = {10.1103/PhysRevA.72.064306},
  issue = {6},
  publisher = {American Physical Society},
  pages = {064306}
}

@article{WV03,
 volume = {91},
 journal = {Phys. Rev. Lett.},
 month = {Aug},
 numpages = {4},
 author = {Wiseman, H.~M. and Vaccaro, J.~A.},
 title = {Entanglement of Indistinguishable Particles Shared between Two Parties},
  year = {2003},
  doi = {10.1103/PhysRevLett.91.097902},
  issue = {9},
  publisher = {American Physical Society},
  pages = {097902}
}

@Article{BRS07,
title = {Reference frames, superselection rules, and quantum information},
author = {Bartlett, S.~D. and Rudolph, T.  and Spekkens, R.~W.},
journal = {Rev. Mod. Phys.},
volume = {79},
number = {2},
pages = {555--609},
numpages = {54},
year = {2007},
month = {Apr},
doi = {10.1103/RevModPhys.79.555},
publisher = {American Physical Society}
}

@article{BRST06,
  author={Bartlett, S.~D. and Rudolph, T. and Spekkens, R.~W. and Turner, P.~S.},
  title={Degradation of a quantum reference frame},
  journal={New Journal of Physics},
  volume={8},
  number={4},
  pages={58},
  year={2006},
 }

@article{PY07,
  author={Poulin, D. and Yard, J.},
  title={Dynamics of a quantum reference frame},
  journal={New Journal of Physics},
  volume={9},
  number={5},
  pages={156},
  year={2007},
}

@article{BRST07,
author = {Bartlett, S.~D. and Rudolph, T. and Sanders, B.~C. and Turner, P.~S.},
title = {Degradation of a quantum directional reference frame as a random walk},
journal = {Journal of Modern Optics},
volume = {54},
number = {13-15},
pages = {2211-2221},
year = {2007},
doi = {10.1080/09500340701289254},
}

@article{N99,
  author = {Nielsen, M.~A.},
  volume = {83},
  journal = {Phys. Rev. Lett.},
  month = {Jul},
  title = {Conditions for a Class of Entanglement Transformations},
  year = {1999},
  doi = {10.1103/PhysRevLett.83.436},
  issue = {2},
  publisher = {American Physical Society},
  pages = {436--439}
}

@article{VC03,
  volume = {91},
  journal = {Phys. Rev. Lett.},
  month = {Jul},
  numpages = {4},
  author = {Verstraete, F. and Cirac, J.~I.},
  title = {Quantum Nonlocality in the Presence of Superselection Rules and Data Hiding Protocols},
  year = {2003},
  doi = {10.1103/PhysRevLett.91.010404},
  issue = {1},
  publisher = {American Physical Society},
  pages = {010404}
}

@article{RB01,
author = {Rudolph, T. and Sanders, B.~C.},
volume = {87},
journal = {Phys. Rev. Lett.},
month = {Jul},
numpages = {4},
title = {Requirement of Optical Coherence for Continuous-Variable Quantum Teleportation},
year = {2001},
doi = {10.1103/PhysRevLett.87.077903},
issue = {7},
publisher = {American Physical Society},
pages = {077903}
}

@article{TDL01,
  volume = {86},
  journal = {Phys. Rev. Lett.},
  month = {Jun},
  author = {Terhal, B.~M. and DiVincenzo, D.~P. and Leung, D.~W.},
  title = {Hiding Bits in Bell States},
  year = {2001},
  doi = {10.1103/PhysRevLett.86.5807},
  issue = {25},
  publisher = {American Physical Society},
  pages = {5807--5810}
}

@ARTICLE{DLT02, 
author={DiVincenzo, D.~P. and Leung, D.~W. and Terhal, B.~M.}, 
journal={Information Theory, IEEE Transactions on}, 
title={Quantum data hiding}, 
year={2002}, 
month={mar }, 
volume={48}, 
number={3}, 
pages={580 -598}, 
doi={10.1109/18.985948}, 
ISSN={0018-9448}
}

@article{KMP04,
  volume = {69},
  journal = {Phys. Rev. A},
  month = {May},
  numpages = {20},
  author = {Kitaev, A. and Mayers, D. and Preskill, J.},
  title = {Superselection rules and quantum protocols},
  year = {2004},
  doi = {10.1103/PhysRevA.69.052326},
  issue = {5},
  publisher = {American Physical Society},
  pages = {052326}
}


@article{VW01,
  volume = {64},
  journal = {Phys. Rev. A},
  month = {Nov},
  numpages = {15},
  author = {Vollbrecht, K.~G.~H. and Werner, R.~F.},
  title = {Entanglement measures under symmetry},
  year = {2001},
  doi = {10.1103/PhysRevA.64.062307},
  issue = {6},
  publisher = {American Physical Society},
  pages = {062307}
}

@article{VPRK97,
  author = {Vedral, V. and Plenio, M.~B. and Rippin, M.~A. and Knight, P.~L.},
  volume = {78},
  journal = {Phys. Rev. Lett.},
  month = {Mar},
  title = {Quantifying Entanglement},
  year = {1997},
  doi = {10.1103/PhysRevLett.78.2275},
  issue = {12},
  publisher = {American Physical Society},
  pages = {2275--2279}
}

@article{BDSW96,
  volume = {54},
  journal = {Phys. Rev. A},
  month = {Nov},
  author = {Bennett, C.~H. and DiVincenzo, D.~P. and Smolin, J.~A. and Wootters, W.~K.},
  title = {Mixed-state entanglement and quantum error correction},
  year = {1996},
  doi = {10.1103/PhysRevA.54.3824},
  issue = {5},
  publisher = {American Physical Society},
  pages = {3824--3851}
}

@article{W89,
  volume = {40},
  journal = {Phys. Rev. A},
  month = {Oct},
  author = {Werner, R.~F.},
  title = {Quantum states with Einstein-Podolsky-Rosen correlations admitting a hidden-variable model},
  year = {1989},
  doi = {10.1103/PhysRevA.40.4277},
  issue = {8},
  publisher = {American Physical Society},
  pages = {4277--4281}
}

@article{SVC04a,
  volume = {92},
  journal = {Phys. Rev. Lett.},
  month = {Feb},
  numpages = {4},
  author = {Schuch, N. and Verstraete, F. and Cirac, J.~I.},
  title = {Nonlocal Resources in the Presence of Superselection Rules},
  year = {2004},
  doi = {10.1103/PhysRevLett.92.087904},
  issue = {8},
  publisher = {American Physical Society},
  pages = {087904}
}

@article{SVC04b,
  volume = {70},
  journal = {Phys. Rev. A},
  month = {Oct},
  numpages = {15},
  author = {Schuch, N. and Verstraete, F. and Cirac, J.~I.},
  title = {Quantum entanglement theory in the presence of superselection rules},
  year = {2004},
  doi = {10.1103/PhysRevA.70.042310},
  issue = {4},
  publisher = {American Physical Society},
  pages = {042310}
}

@article{BBPS96,
  volume = {53},
  journal = {Phys. Rev. A},
  month = {Apr},
  author = {Bennett, C.~H. and Bernstein, H.~J. and Popescu, S. and Schumacher, B.},
  title = {Concentrating partial entanglement by local operations},
  year = {1996},
  doi = {10.1103/PhysRevA.53.2046},
  issue = {4},
  publisher = {American Physical Society},
  pages = {2046--2052}
}


@article{BW03,
  volume = {91},
  journal = {Phys. Rev. Lett.},
  month = {Aug},
  numpages = {4},
  author = {Bartlett, S.~D. and Wiseman, H.~M.},
  title = {Entanglement Constrained by Superselection Rules},
  year = {2003},
  doi = {10.1103/PhysRevLett.91.097903},
  issue = {9},
  publisher = {American Physical Society},
  pages = {097903}
}

@misc{WBV03,
author={Wiseman, H.~M and Bartlett, S.~D. and Vaccaro, J.~A.},
title={Ferreting out the fluffy bunnies: entanglement constrained by generalized superselection rules.},
note={arXiv:quant-ph/0309046},
year={2003}
}

@article{BDSW06,
  volume = {73},
  journal = {Phys. Rev. A},
  month = {Feb},
  numpages = {9},
  author = {Bartlett, S.~D. and Doherty, A.~C. and Spekkens, R.~ W. and Wiseman, H.~M.},
  title = {Entanglement under restricted operations: Analogy to mixed-state entanglement},
  year = {2006},
  doi = {10.1103/PhysRevA.73.022311},
  issue = {2},
  publisher = {American Physical Society},
  pages = {022311}
}

@article{JWBVP06,
  volume = {74},
  journal = {Phys. Rev. A},
  month = {Dec},
  numpages = {16},
  author = {Jones, S.~J. and Wiseman, H.~M. and Bartlett, S.~D. and Vaccaro, J.~A. and Pope, D.~T.},
  title = {Entanglement and symmetry: A case study in superselection rules, reference frames, and beyond},
  year = {2006},
  doi = {10.1103/PhysRevA.74.062313},
  issue = {6},
  publisher = {American Physical Society},
  pages = {062313}
}

@article{HHH98,
  volume = {80},
  journal = {Phys. Rev. Lett.},
  month = {Jun},
  author = {Horodecki, M. and Horodecki, P. and Horodecki, R.},
  title = {Mixed-State Entanglement and Distillation: Is there a ``Bound'' Entanglement in Nature?},
  year = {1998},
  doi = {10.1103/PhysRevLett.80.5239},
  issue = {24},
  publisher = {American Physical Society},
  pages = {5239--5242}
}

@article{vE05b,
  volume = {71},
  journal = {Phys. Rev. A},
  month = {Mar},
  numpages = {8},
  author = {van Enk, S.~J.},
  title = {Quantifying the resource of sharing a reference frame},
  year = {2005},
  doi = {10.1103/PhysRevA.71.032339},
  issue = {3},
  publisher = {American Physical Society},
  pages = {032339}
}

@article{VAWJ08,
  volume = {77},
  journal = {Phys. Rev. A},
  month = {Mar},
  numpages = {12},
  author = {Vaccaro, J.~A. and Anselmi, F. and Wiseman, H.~M. and Jacobs, K.},
  title = {Tradeoff between extractable mechanical work, accessible entanglement, and ability to act as a reference system, under arbitrary superselection rules},
  year = {2008},
  doi = {10.1103/PhysRevA.77.032114},
  issue = {3},
  publisher = {American Physical Society},
  pages = {032114}
}

@article{GMS09,
  author = {Gour, G. and Marvian, I. and Spekkens, R.~W.},
  volume = {80},
  journal = {Phys. Rev. A},
  month = {Jul},
  numpages = {11},
  title = {Measuring the quality of a quantum reference frame: The relative entropy of frameness},
  year = {2009},
  doi = {10.1103/PhysRevA.80.012307},
  issue = {1},
  publisher = {American Physical Society},
  pages = {012307}
}

@article{GS08,
  author={Gour, G. and Spekkens, R.~W.},
  title={The resource theory of quantum reference frames: manipulations and monotones},
  journal={New Journal of Physics},
  volume={10},
  number={3},
  pages={033023},
  year={2008},
}
% Reference frame alignment
@article{PW90,
  volume = {66},
  journal = {Phys. Rev. Lett.},
  month = {Mar},
  author = {Peres, A. and Wootters, W.~K.},
  title = {Optimal detection of quantum information},
  year = {1991},
  doi = {10.1103/PhysRevLett.66.1119},
  issue = {9},
  publisher = {American Physical Society},
  pages = {1119--1122}
}

@article{MP95,
  volume = {74},
  journal = {Phys. Rev. Lett.},
  month = {Feb},
  author = {Massar, S. and Popescu, S.},
  title = {Optimal Extraction of Information from Finite Quantum Ensembles},
  year = {1995},
  doi = {10.1103/PhysRevLett.74.1259},
  issue = {8},
  publisher = {American Physical Society},
  pages = {1259--1263}
}

@article{DBE98,
  volume = {80},
  journal = {Phys. Rev. Lett.},
  month = {Feb},
  author = {Derka, R. and Buz\u{e}k, V. and Ekert, A.~K.},
  title = {Universal Algorithm for Optimal Estimation of Quantum States from Finite Ensembles via Realizable Generalized Measurement},
  year = {1998},
  doi = {10.1103/PhysRevLett.80.1571},
  issue = {8},
  publisher = {American Physical Society},
  pages = {1571--1575}
}

@article{TV99,
  volume = {60},
  journal = {Phys. Rev. A},
  month = {Nov},
  author = {Tarrach, R. and Vidal, G.},
  title = {Universality of optimal measurements},
  year = {1999},
  doi = {10.1103/PhysRevA.60.R3339},
  issue = {5},
  publisher = {American Physical Society},
  pages = {R3339--R3342}
}

@article{GS99,
  author = {Gisin, N. and Popescu, S.},
  volume = {83},
  journal = {Phys. Rev. Lett.},
  month = {Jul},
  title = {Spin Flips and Quantum Information for Antiparallel Spins},
  year = {1999},
  doi = {10.1103/PhysRevLett.83.432},
  issue = {2},
  publisher = {American Physical Society},
  pages = {432--435}
}

@article{BBBM00,
  volume = {85},
  journal = {Phys. Rev. Lett.},
  month = {Dec},
  author = {Bagan, E. and Baig, M. and Brey, A. and Mu\~noz-Tapia, R. and Tarrach, R.},
  title = {Optimal Strategies for Sending Information through A Quantum Channel},
  year = {2000},
  doi = {10.1103/PhysRevLett.85.5230},
  issue = {24},
  publisher = {American Physical Society},
  pages = {5230--5233}
}

@article{PS01a,
  volume = {86},
  journal = {Phys. Rev. Lett.},
  month = {Apr},
  author = {Peres, A. and Scudo, P.~F.},
  title = {Entangled Quantum States as Direction Indicators},
  year = {2001},
  doi = {10.1103/PhysRevLett.86.4160},
  issue = {18},
  publisher = {American Physical Society},
  pages = {4160--4162}
}

@article{BBBMT01,
  volume = {63},
  journal = {Phys. Rev. A},
  month = {Apr},
  numpages = {11},
  author = {Bagan, E. and Baig, M. and Brey, A. and Mu\~noz-Tapia, R. and Tarrach, R.},
  title = {Optimal encoding and decoding of a spin direction},
  year = {2001},
  doi = {10.1103/PhysRevA.63.052309},
  issue = {5},
  publisher = {American Physical Society},
  pages = {052309}
}

@article{PS01b,
  volume = {87},
  journal = {Phys. Rev. Lett.},
  month = {Sep},
  numpages = {4},
  author = {Peres, A. and Scudo, P.~F.},
  title = {Transmission of a Cartesian Frame by a Quantum System},
  year = {2001},
  doi = {10.1103/PhysRevLett.87.167901},
  issue = {16},
  publisher = {American Physical Society},
  pages = {167901}
}

@article{BBM01,
  volume = {87},
  journal = {Phys. Rev. Lett.},
  month = {Nov},
  numpages = {4},
  author = {Bagan, E. and Baig, M. and Mu\~noz-Tapia, R.},
  title = {Aligning Reference Frames with Quantum States},
  year = {2001},
  doi = {10.1103/PhysRevLett.87.257903},
  issue = {25},
  publisher = {American Physical Society},
  pages = {257903}
}

@MISC{PS02a,
author={Peres, A. and Scudo,P.~F.},
note={arXiv:quant-ph/0201017},
year={2002}
}

@article{PS02b,
author = {Peres, A. and Scudo, P.~F.},
title = {Covariant quantum measurements may not be optimal},
journal = {Journal of Modern Optics},
volume = {49},
number = {8},
pages = {1235-1243},
year = {2002},
doi = {10.1080/09500340110118449},
}

@book{H80,
  title= {Probabilistic and Statistical Aspects of Quantum Theory},
  author= {Holevo, A.~S.},
  publisher= {North-Holland Series in Statistics and Probability},
  year= {1980}
}

@article{M00,
  volume = {62},
  journal = {Phys. Rev. A},
  month = {Sep},
  numpages = {4},
  author = {Massar, S.},
  title = {Collective versus local measurements on two parallel or antiparallel spins},
  year = {2000},
  doi = {10.1103/PhysRevA.62.040101},
  issue = {4},
  publisher = {American Physical Society},
  pages = {040101}
}

@article{CDS05,
  volume = {72},
  journal = {Phys. Rev. A},
  month = {Oct},
  numpages = {10},
  author = {Chiribella, G. and D'Ariano, G.~M. and Sacchi, M.~F.},
  title = {Optimal estimation of group transformations using entanglement},
  year = {2005},
  doi = {10.1103/PhysRevA.72.042338},
  issue = {4},
  publisher = {American Physical Society},
  pages = {042338}
}

@article{CDPS04b,
  volume = {70},
  journal = {Phys. Rev. A},
  month = {Dec},
  numpages = {8},
  author = {Chiribella, G. and D'Ariano, G.~M. and Perinotti, P. and Sacchi, M.~F.},
  title = {Covariant quantum measurements that maximize the likelihood},
  year = {2004},
  doi = {10.1103/PhysRevA.70.062105},
  issue = {6},
  publisher = {American Physical Society},
  pages = {062105}
}

@article{AJV01,
volume = {64},
journal = {Phys. Rev. A},
month = {Oct},
numpages = {4},
author = {Ac\`{i}n, A. and Jan\`{e}, E. and Vidal, G.},
title = {Optimal estimation of quantum dynamics},
year = {2001},
doi = {10.1103/PhysRevA.64.050302},
issue = {5},
publisher = {American Physical Society},
pages = {050302}
}

@article{BBM04a,
  volume = {69},
  journal = {Phys. Rev. A},
  month = {May},
  numpages = {4},
  author = {Bagan, E. and Baig, M. and Mu\~noz-Tapia, R.},
  title = {Entanglement-assisted alignment of reference frames using a dense covariant coding},
  year = {2004},
  doi = {10.1103/PhysRevA.69.050303},
  issue = {5},
  publisher = {American Physical Society},
  pages = {050303}
}

@article{BBM04b,
  volume = {70},
  journal = {Phys. Rev. A},
  month = {Sep},
  numpages = {4},
  author = {Bagan, E. and Baig, M. and Mu\~noz-Tapia, R.},
  title = {Quantum reverse engineering and reference-frame alignment without nonlocal correlations},
  year = {2004},
  doi = {10.1103/PhysRevA.70.030301},
  issue = {3},
  publisher = {American Physical Society},
  pages = {030301}
}

@article{CDPS04a,
  volume = {93},
  journal = {Phys. Rev. Lett.},
  month = {Oct},
  numpages = {4},
  author = {Chiribella, G. and D'Ariano, G.~M. and Perinotti, P. and Sacchi, M.~F.},
  title = {Efficient Use of Quantum Resources for the Transmission of a Reference Frame},
  year = {2004},
  doi = {10.1103/PhysRevLett.93.180503},
  issue = {18},
  publisher = {American Physical Society},
  pages = {180503}
}

@article{KK04,
  volume = {93},
  journal = {Phys. Rev. Lett.},
  month = {Dec},
  numpages = {4},
  author = {von Korff, J. and Kempe, J.},
  title = {Quantum Advantage in Transmitting a Permutation},
  year = {2004},
  doi = {10.1103/PhysRevLett.93.260502},
  issue = {26},
  publisher = {American Physical Society},
  pages = {260502}
}

@article{RG03,
  volume = {91},
  journal = {Phys. Rev. Lett.},
  month = {Nov},
  numpages = {4},
  author = {Rudolph, T. and Grover, L.},
  title = {Quantum Communication Complexity of Establishing a Shared Reference Frame},
  year = {2003},
  doi = {10.1103/PhysRevLett.91.217905},
  issue = {21},
  publisher = {American Physical Society},
  pages = {217905}
}

@article{dBB05,
  volume = {72},
  journal = {Phys. Rev. A},
  month = {Oct},
  numpages = {9},
  author = {de Burgh, M. and Bartlett, S.~D.},
  title = {Quantum methods for clock synchronization: Beating the standard quantum limit without entanglement},
  year = {2005},
  doi = {10.1103/PhysRevA.72.042301},
  issue = {4},
  publisher = {American Physical Society},
  pages = {042301}
}


@article{LPT03,
  volume = {68},
  journal = {Phys. Rev. A},
  month = {Oct},
  numpages = {11},
  author = {Lindner, Netanel H. and Peres, Asher and Terno, Daniel R.},
  title = {Elliptic Rydberg states as direction indicators},
  year = {2003},
  url = {http://link.aps.org/doi/10.1103/PhysRevA.68.042308},
  doi = {10.1103/PhysRevA.68.042308},
  issue = {4},
  publisher = {American Physical Society},
  pages = {042308}
}
















@article{ZR97,
  author = {Zanardi, P. and Rasetti, M.},
  volume = {79},
  journal = {Phys. Rev. Lett.},
  month = {Oct},
  title = {Noiseless Quantum Codes},
  year = {1997},
  url = {http://link.aps.org/doi/10.1103/PhysRevLett.79.3306},
  doi = {10.1103/PhysRevLett.79.3306},
  issue = {17},
  publisher = {American Physical Society},
  pages = {3306--3309}
}

@article{LCW98,
  author = {Lidar, D. A. and Chuang, I. L. and Whaley, K. B.},
  volume = {81},
  journal = {Phys. Rev. Lett.},
  month = {Sep},
  title = {Decoherence-Free Subspaces for Quantum Computation},
  year = {1998},
  url = {http://link.aps.org/doi/10.1103/PhysRevLett.81.2594},
  doi = {10.1103/PhysRevLett.81.2594},
  issue = {12},
  publisher = {American Physical Society},
  pages = {2594--2597}
}

@article{KLV00,
  author = {Knill, Emanuel and Laflamme, Raymond and Viola, Lorenza},
  volume = {84},
  journal = {Phys. Rev. Lett.},
  month = {Mar},
  title = {Theory of Quantum Error Correction for General Noise},
  year = {2000},
  url = {http://link.aps.org/doi/10.1103/PhysRevLett.84.2525},
  doi = {10.1103/PhysRevLett.84.2525},
  issue = {11},
  publisher = {American Physical Society},
  pages = {2525--2528}
}

@article{Z00,
  author = {Zanardi, Paolo},
  volume = {63},
  journal = {Phys. Rev. A},
  month = {Dec},
  numpages = {4},
  title = {Stabilizing quantum information},
  year = {2000},
  url = {http://link.aps.org/doi/10.1103/PhysRevA.63.012301},
  doi = {10.1103/PhysRevA.63.012301},
  issue = {1},
  publisher = {American Physical Society},
  pages = {012301}
}

@article{Z01,
  author = {Zanardi, Paolo},
  volume = {87},
  journal = {Phys. Rev. Lett.},
  month = {Jul},
  numpages = {4},
  title = {Virtual Quantum Subsystems},
  year = {2001},
  url = {http://link.aps.org/doi/10.1103/PhysRevLett.87.077901},
  doi = {10.1103/PhysRevLett.87.077901},
  issue = {7},
  publisher = {American Physical Society},
  pages = {077901}
}

@article{VFPKLC01,
author = {Viola, L. and Fortunato, E. M. and Pravia, M. A. and Knill, E. and Laflamme, R. and Cory, D. G.}, 
title = {Experimental Realization of Noiseless Subsystems for Quantum Information Processing}, 
volume = {293}, 
number = {5537}, 
pages = {2059-2063}, 
year = {2001}, 
doi = {10.1126/science.1064460}, 
journal = {Science} 
}

@Article{KBLW01,
  title = {Theory of decoherence-free fault-tolerant universal quantum computation},
  author = {Kempe, J.  and Bacon, D.  and Lidar, D. A. and Whaley, K. B.},
  journal = {Phys. Rev. A},
  volume = {63},
  number = {4},
  pages = {042307},
  numpages = {29},
  year = {2001},
  month = {Mar},
  doi = {10.1103/PhysRevA.63.042307},
  publisher = {American Physical Society}
}

@Article{BCH06a,
  title = {Efficient Quantum Circuits for Schur and Clebsch-Gordan Transforms},
  author = {Bacon, D.  and Chuang, I. L. and Harrow, A. W.},
  journal = {Phys. Rev. Lett.},
  volume = {97},
  number = {17},
  pages = {170502},
  numpages = {4},
  year = {2006},
  month = {Oct},
  doi = {10.1103/PhysRevLett.97.170502},
  publisher = {American Physical Society}
}

@misc{BCH06b,
title={The Quantum Schur Transform: I. Efficient Qudit Circuits},
author={Bacon, D.  and Chuang, I. L. and Harrow, A. W},
note={quant-ph/0601001},
year={2006}
}

@article{YG01,
  author = {Yang, Chui-Ping and Gea-Banacloche, Julio},
  volume = {63},
  journal = {Phys. Rev. A},
  month = {Jan},
  numpages = {8},
  title = {Three-qubit quantum error-correction scheme for collective decoherence},
  year = {2001},
  url = {http://link.aps.org/doi/10.1103/PhysRevA.63.022311},
  doi = {10.1103/PhysRevA.63.022311},
  issue = {2},
  publisher = {American Physical Society},
  pages = {022311}
}

@article{BRS03,
  author = {Bartlett, Stephen D. and Rudolph, Terry and Spekkens, Robert W.},
  volume = {91},
  journal = {Phys. Rev. Lett.},
  month = {Jul},
  numpages = {4},
  title = {Classical and Quantum Communication without a Shared Reference Frame},
  year = {2003},
  url = {http://link.aps.org/doi/10.1103/PhysRevLett.91.027901},
  doi = {10.1103/PhysRevLett.91.027901},
  issue = {2},
  publisher = {American Physical Society},
  pages = {027901}
}

@article{C03,
  author = {Cabello, Ad\'an},
  volume = {68},
  journal = {Phys. Rev. A},
  month = {Oct},
  numpages = {6},
  title = {Greenberger-Horne-Zeilinger-like proof of Bell's theorem involving observers who do not share a reference frame},
  year = {2003},
  url = {http://link.aps.org/doi/10.1103/PhysRevA.68.042104},
  doi = {10.1103/PhysRevA.68.042104},
  issue = {4},
  publisher = {American Physical Society},
  pages = {042104}
}

@article{WASST03,
  author = {Walton, Zachary D. and Abouraddy, Ayman F. and Sergienko, Alexander V. and Saleh, Bahaa E. A. and Teich, Malvin C.},
  volume = {91},
  journal = {Phys. Rev. Lett.},
  month = {Aug},
  numpages = {4},
  title = {Decoherence-Free Subspaces in Quantum Key Distribution},
  year = {2003},
  url = {http://link.aps.org/doi/10.1103/PhysRevLett.91.087901},
  doi = {10.1103/PhysRevLett.91.087901},
  issue = {8},
  publisher = {American Physical Society},
  pages = {087901}
}

@article{BGLPS04,
  author = {Boileau, J.-C. and Gottesman, D. and Laflamme, R. and Poulin, D. and Spekkens, R. W.},
  volume = {92},
  journal = {Phys. Rev. Lett.},
  month = {Jan},
  numpages = {4},
  title = {Robust Polarization-Based Quantum Key Distribution over a Collective-Noise Channel},
  year = {2004},
  url = {http://link.aps.org/doi/10.1103/PhysRevLett.92.017901},
  doi = {10.1103/PhysRevLett.92.017901},
  issue = {1},
  publisher = {American Physical Society},
  pages = {017901}
}

@article{BTBL05,
  author = {Boileau, J.-C. and Tamaki, K. and Batuwantudawe, J. and Laflamme, R. and Renes, J. M.},
  volume = {94},
  journal = {Phys. Rev. Lett.},
  month = {Jan},
  numpages = {4},
  title = {Unconditional Security of a Three State Quantum Key Distribution Protocol},
  year = {2005},
  url = {http://link.aps.org/doi/10.1103/PhysRevLett.94.040503},
  doi = {10.1103/PhysRevLett.94.040503},
  issue = {4},
  publisher = {American Physical Society},
  pages = {040503}
}

@article{CZBJYZYLP06,
  author = {Chen, Teng-Yun and Zhang, Jun and Boileau, J.-C. and Jin, Xian-Min and Yang, Bin and Zhang, Qiang and Yang, Tao and Laflamme, R. and Pan, Jian-Wei},
  volume = {96},
  journal = {Phys. Rev. Lett.},
  month = {Apr},
  numpages = {4},
  title = {Experimental Quantum Communication without a Shared Reference Frame},
  year = {2006},
  url = {http://link.aps.org/doi/10.1103/PhysRevLett.96.150504},
  doi = {10.1103/PhysRevLett.96.150504},
  issue = {15},
  publisher = {American Physical Society},
  pages = {150504}
}

@article {BB05,
   author = {Ball, Jonathan L. and Banaszek, Konrad},
   affiliation = {Clarendon Laboratory University of Oxford Oxford OX1 3PU United Kingdom},
   title = {Decoherence-Free Subspaces and Subsystems for a Collectively Depolarizing Bosonic Channel},
   journal = {Open Systems and Information Dynamics},
   publisher = {Springer Netherlands},
   issn = {1230-1612},
   keyword = {Physics and Astronomy},
   pages = {121-131},
   volume = {12},
   issue = {2},
   note = {10.1007/s11080-005-5723-1},
   year = {2005}
}

@article{BB06,
  author={J L Ball and K Banaszek},
  title={Hybrid noiseless subsystems for quantum communication over optical fibres},
  journal={Journal of Physics A: Mathematical and General},
  volume={39},
  number={1},
  pages={L1},
  year={2006},
}

@article{B06,
  author = {Byrd, Mark S.},
  volume = {73},
  journal = {Phys. Rev. A},
  month = {Mar},
  numpages = {13},
  title = {Implications of qudit superselection rules for the theory of decoherence-free subsystems},
  year = {2006},
  doi = {10.1103/PhysRevA.73.032330},
  issue = {3},
  publisher = {American Physical Society},
  pages = {032330}
}

@article{BB09,
  author={C Allen Bishop and Mark S Byrd},
  title={Compatible transformations for a qudit decoherence-free/noiseless encoding},
  journal={Journal of Physics A: Mathematical and Theoretical},
  volume={42},
  number={5},
  pages={055301},
  year={2009},
}
